@article{fink2014docker,
  title={Docker: a software as a service, operating system-level virtualization framework},
  author={Fink, John},
  journal={Code4Lib Journal},
  volume={25},
  pages={29},
  year={2014}
}

@article{courtes2013guix,
  title={Functional package management with guix},
  author={Court{\`e}s, Ludovic},
  journal={arXiv preprint arXiv:1305.4584},
  year={2013}
}

@misc{gnu2017bundles,
  title={Creating bundles with guix pack},
  author={Court{\`e}s, Ludovic},
  url={https://www.gnu.org/software/guix/blog/2017/creating-bundles-with-guix-pack},
  year={2017},
  note={Accessed on May 17, 2018}
}

@misc{gnu2018tarballs,
  title={Tarballs, the ultimate container image format},
  author={Court{\`e}s, Ludovic},
  url={https://www.gnu.org/software/guix/blog/2018/tarballs-the-ultimate-container-image-format},
  year={2018},
  note={Accessed on May 17, 2018}
}
